<?xml version="1.0" encoding="UTF-8"?><collection xmlns="http://www.loc.gov/MARC21/slim"><record><leader>00471nam--2200181-i-4500</leader><controlfield tag="001">000032017</controlfield><controlfield tag="002">20161230</controlfield><controlfield tag="005">20161230201038</controlfield><controlfield tag="008">060222s1000------------r-----000-0-ger-d</controlfield><datafield ind1=" " ind2=" " tag="040"><subfield code="a">IFIN-HH</subfield></datafield><datafield ind1=" " ind2=" " tag="041"><subfield code="a">ger</subfield></datafield><datafield ind1=" " ind2=" " tag="080"><subfield code="a">51-73:53</subfield></datafield><datafield ind1="1" ind2=" " tag="100"><subfield code="a">Michlin, Solomon G</subfield></datafield><datafield ind1="1" ind2="0" tag="245"><subfield code="a">Variationsmethoden der mathematischen physik</subfield><subfield code="c">Solomon g. michlin</subfield></datafield><datafield ind1=" " ind2=" " tag="260"><subfield code="a">Berlin</subfield><subfield code="b">Akademie-verlag,</subfield><subfield code="c">1962</subfield></datafield><datafield ind1=" " ind2=" " tag="300"><subfield code="a">X+464P</subfield></datafield><datafield ind1=" " ind2=" " tag="852"><subfield code="a">76698</subfield><subfield code="c">53.02</subfield></datafield><datafield ind1=" " ind2=" " tag="CAT"><subfield code="a">Sys</subfield><subfield code="c">20151023</subfield><subfield code="h">100219</subfield></datafield></record></collection>